%% This BibTeX bibliography file was created using BibDesk.
%% https://bibdesk.sourceforge.io/
%% Created for Petr Zakopal at 2022-04-06 23:39:40 +0200 
%% Saved with string encoding Unicode (UTF-8) 
@online{microchip_calculations,
	author = {Antonio Bersani},
	publisher = {Microchip Technology Inc.},
	date = {2009},
	date-modified = {2022-04-06 23:38:58 +0200},
	howpublished = {online},
	title = {Switch Mode Power Supply (SMPS) Topologies (Part II)},
	url = {https://www.microchip.com/content/dam/mchp/documents/OTH/ApplicationNotes/ApplicationNotes/01207B.pdf},
	urldate = {2022-04-06},
	bdsk-url-1 = {https://www.microchip.com/content/dam/mchp/documents/OTH/ApplicationNotes/ApplicationNotes/01207B.pdf}}